<?xml version="1.0" encoding="UTF-8"?><collection xmlns="http://www.loc.gov/MARC21/slim"><record><leader>00417nam--2200169-i-4500</leader><controlfield tag="001">000040285</controlfield><controlfield tag="002">20161230</controlfield><controlfield tag="005">20170205004612</controlfield><controlfield tag="008">060222s1000------------r-----000-0-eng-d</controlfield><datafield ind1=" " ind2=" " tag="080"><subfield code="a">51</subfield></datafield><datafield ind1=" " ind2=" " tag="100"><subfield code="a">Sansone, Giovani</subfield></datafield><datafield ind1=" " ind2=" " tag="245"><subfield code="a">Orthogonal function</subfield></datafield><datafield ind1=" " ind2=" " tag="260"><subfield code="a">New York</subfield><subfield code="b">Interscience Publ.Inc</subfield><subfield code="c">1959</subfield></datafield><datafield ind1=" " ind2=" " tag="300"><subfield code="a">411 p</subfield></datafield><datafield ind1=" " ind2=" " tag="490"><subfield code="a">Pure And Appl.Math</subfield><subfield code="v">vol. IX</subfield></datafield><datafield ind1=" " ind2=" " tag="852"><subfield code="a">13669</subfield></datafield><datafield ind1=" " ind2=" " tag="CAT"><subfield code="a">SYS</subfield><subfield code="c">20170205</subfield><subfield code="h">004612</subfield></datafield></record></collection>